<?xml version="1.0" encoding="UTF-8"?><collection><record><leader>03642ntm a2200493 a 4500</leader><controlfield tag="001">002631691</controlfield><controlfield tag="003">MiAaHDL</controlfield><controlfield tag="005">20190719000000.0</controlfield><controlfield tag="006">m        d        </controlfield><controlfield tag="007">cr bn ---auaua</controlfield><controlfield tag="008">930614s1820    xx            00||  ara d</controlfield><datafield tag="035" ind1=" " ind2=" "><subfield code="a">(MiU)002631691</subfield></datafield><datafield tag="035" ind1=" " ind2=" "><subfield code="a">sdr-miu002631691</subfield></datafield><datafield tag="035" ind1=" " ind2=" "><subfield code="a">(OCoLC)34366050</subfield></datafield><datafield tag="035" ind1=" " ind2=" "><subfield code="a">(RLIN)MIUH93-A116</subfield></datafield><datafield tag="040" ind1=" " ind2=" "><subfield code="a">MiU</subfield><subfield code="c">MiU</subfield><subfield code="e">appm</subfield></datafield><datafield tag="100" ind1="1" ind2=" "><subfield code="6">880-01</subfield><subfield code="a">Ibn Ghāzī, Muḥammad ibn Aḥmad,</subfield><subfield code="d">1437 or 1438-1513.</subfield></datafield><datafield tag="240" ind1="1" ind2="0"><subfield code="6">880-02</subfield><subfield code="a">Bughyat al-ṭullāb fī sharḥ munyat al-ḥussāb</subfield></datafield><datafield tag="245" ind1="1" ind2="0"><subfield code="6">880-03</subfield><subfield code="a">Hādhā sharḥ al-ʻallāmah Ibn Ghāzī ʻalá Munyah fī al-ḥussāb wa-al-jabr wa-al-muqābalah :</subfield><subfield code="k">manuscript,</subfield><subfield code="f">[1820].</subfield></datafield><datafield tag="300" ind1=" " ind2=" "><subfield code="a">1</subfield><subfield code="f">v. ([262] p. on 65 lvs.) :</subfield><subfield code="b">ill. ;</subfield><subfield code="c">24 cm.</subfield></datafield><datafield tag="500" ind1=" " ind2=" "><subfield code="a">Watermarks: Eagle with FAG in roman; one crescent; three crescents. For the latter see Edward Heawood, Watermarks, Mainly of the 17th and 18th Centuries (Hilversum, 1950), p. 24.</subfield></datafield><datafield tag="500" ind1=" " ind2=" "><subfield code="a">Contains mathematical tables and diagrams.</subfield></datafield><datafield tag="500" ind1=" " ind2=" "><subfield code="a">Text rubricated; overlining in black and red; marginal notes, diagrams, and corrections in hand of copyist (same as that of Mich. Isl. Ms. 802,2); kurrāsahs 3-10 numbered.</subfield></datafield><datafield tag="500" ind1=" " ind2=" "><subfield code="a">Date and copyist's name in colophon: wa-qad wāfaqa al-farāgh min naql hādhihi al-nusakh yawm al-aḥad al-mubārak thānī yawm maḍá min shahr Shaʻbān ʻām khamsah wa-thalāthīn wa-miʾatayn baʻd al-alf [i.e. 15 May 1820] ʻalá yad al-ʻabd al-faqīr al-fānī Muṣṭafá Muḥammad ʻArafah al-Dissūqī al-Burhānī.</subfield></datafield><datafield tag="500" ind1=" " ind2=" "><subfield code="a">Text (not this copy) published.</subfield></datafield><datafield tag="500" ind1=" " ind2=" "><subfield code="a">Pp. [1-185]. Bound with: Sālim ibn Sālim al-Qayrawānī, Hādiyat al-bādī li-kitāb al-Qalaṣādī, pp. [189-262].</subfield></datafield><datafield tag="510" ind1="4" ind2=" "><subfield code="a">GAL,</subfield><subfield code="c">Suppl. II, p. 338; King, Survey, pp. 141-142</subfield></datafield><datafield tag="520" ind1="8" ind2=" "><subfield code="a">Ibn Ghāzī's Munyat al-ḥussāb is based on the Kitāb talkhīṣ aʻmāl al-ḥisāb of Ibn al-Bannāʾ. See David A. King, A Survey of the Scientific Manuscripts in the Egyptian National Library (Winona Lake, 1986), pp. 139 and 141-142.</subfield></datafield><datafield tag="520" ind1=" " ind2=" "><subfield code="a">"The author's commentary on his own poem on arithmetic entitled Munyat al-ḥussāb." Cataloging by Elinor M. Husselman, 1945.</subfield></datafield><datafield tag="538" ind1=" " ind2=" "><subfield code="a">Mode of access: Internet.</subfield></datafield><datafield tag="541" ind1=" " ind2=" "><subfield code="d">07/--/36</subfield><subfield code="3">Manuscript</subfield><subfield code="a">McGregor Fund</subfield><subfield code="c">Purchase, 1933/34</subfield><subfield code="h">42 p.t.</subfield></datafield><datafield tag="545" ind1=" " ind2=" "><subfield code="a">Born in Meknes, Morocco; became professor at the great mosque of Qayrawān in Tunisia.</subfield></datafield><datafield tag="561" ind1=" " ind2=" "><subfield code="a">Purchased in Cairo, 1933/34. Owners' marks: on pp. [1] and [189], waqf ustādhunā al-sayyid Muṣṭafá al-Dhahabī ...[?]; on p. [1], manuscript notes in handwriting of Max Meyerhof.</subfield></datafield><datafield tag="600" ind1="1" ind2="0"><subfield code="6">880-04</subfield><subfield code="a">Ibn Ghāzī, Muḥammad ibn Aḥmad,</subfield><subfield code="d">1437 or 8-1513.</subfield><subfield code="t">Munyat al-ḥussāb.</subfield></datafield><datafield tag="650" ind1=" " ind2="0"><subfield code="a">Arithmetic</subfield><subfield code="v">Early works to 1900.</subfield></datafield><datafield tag="650" ind1=" " ind2="0"><subfield code="a">Mathematics, Arab</subfield><subfield code="y">Early works to 1800.</subfield></datafield><datafield tag="650" ind1=" " ind2="0"><subfield code="a">Manuscripts, Arabic</subfield><subfield code="z">Michigan</subfield><subfield code="z">Ann Arbor.</subfield></datafield><datafield tag="700" ind1="1" ind2="0"><subfield code="6">880-05</subfield><subfield code="a">Ibn Ghāzī, Muḥammad ibn Aḥmad,</subfield><subfield code="d">1437 or 1438-1513.</subfield><subfield code="t">Munyat al-ḥussāb.</subfield></datafield><datafield tag="700" ind1="1" ind2=" "><subfield code="a">Meyerhof, Max,</subfield><subfield code="d">1874-1945,</subfield><subfield code="e">former owner.</subfield></datafield><datafield tag="773" ind1="0" ind2=" "><subfield code="a">Tracy W. McGregor Collection of Arabic, Persian, and Turkish Mathematical and Astronomical Manuscripts.</subfield><subfield code="7">unbc</subfield><subfield code="w">(CStRLIN)MIUH92-A20.</subfield></datafield><datafield tag="880" ind1="0" ind2="0"><subfield code="6">700-05/</subfield><subfield code="a">محمد بن أحمد بن غازي.</subfield><subfield code="t">منية الحساب.</subfield></datafield><datafield tag="880" ind1="0" ind2="4"><subfield code="6">600-04/</subfield><subfield code="a">محمد بن أحمد بن غازي.</subfield><subfield code="t">منية الحساب.</subfield></datafield><datafield tag="880" ind1="1" ind2="0"><subfield code="6">245-03/</subfield><subfield code="a">هذا شرح العلامة بن غازي على منية في الحساب والجبر والمقابلة :</subfield><subfield code="k">manuscript,</subfield><subfield code="f">[1820].</subfield></datafield><datafield tag="880" ind1="1" ind2="0"><subfield code="6">240-02/</subfield><subfield code="a">بغية الطلاب في شرح منية الحساب</subfield></datafield><datafield tag="880" ind1="0" ind2=" "><subfield code="6">100-01/</subfield><subfield code="a">محمد بن أحمد بن غازي.</subfield></datafield><datafield tag="CID" ind1=" " ind2=" "><subfield code="a">002631691</subfield></datafield><datafield tag="DAT" ind1="0" ind2=" "><subfield code="a">20190719102632.0</subfield><subfield code="b">20190719000000.0</subfield></datafield><datafield tag="DAT" ind1="1" ind2=" "><subfield code="a">20190719090653.0</subfield><subfield code="b">2019-07-19T16:10:43Z</subfield></datafield><datafield tag="DAT" ind1="2" ind2=" "><subfield code="a">2015-10-10T18:00:06Z</subfield></datafield><datafield tag="CAT" ind1=" " ind2=" "><subfield code="a">SDR-MIU</subfield><subfield code="d">EX LIBRIS - ALEPH</subfield><subfield code="l">prepare.pl-004-008</subfield></datafield><datafield tag="FMT" ind1=" " ind2=" "><subfield code="a">BK</subfield></datafield><datafield tag="HOL" ind1=" " ind2=" "><subfield code="0">sdr-miu002631691</subfield><subfield code="a">MiU</subfield><subfield code="b">SDR</subfield><subfield code="c">MIU</subfield><subfield code="p">mdp.39015081447784</subfield><subfield code="s">MIU</subfield><subfield code="1">002631691</subfield></datafield><datafield tag="974" ind1=" " ind2=" "><subfield code="b">MIU</subfield><subfield code="c">MIU</subfield><subfield code="d">20190719</subfield><subfield code="s">lit-dlps-dc</subfield><subfield code="u">mdp.39015081447784</subfield><subfield code="y">1820</subfield><subfield code="r">pd</subfield><subfield code="q">bib</subfield><subfield code="t">non-US bib date1 &lt; 1896</subfield></datafield></record></collection>